
@article{yeh2011employing,
	title={Employing multiple-kernel support vector machines for counterfeit banknote recognition},
	author={Yeh, Chi-Yuan and Su, Wen-Pin and Lee, Shie-Jue},
	journal={Applied Soft Computing},
	volume={11},
	number={1},
	pages={1439--1447},
	year={2011},
	publisher={Elsevier}
}

@article{kingma2014adam,
	title={Adam: A method for stochastic optimization},
	author={Kingma, Diederik and Ba, Jimmy},
	journal={arXiv preprint arXiv:1412.6980},
	year={2014}
}

@article{okostelefonnal,
	title={Okostelefonnal a csomagolás védelméért},
	author={Gyenes András},
	journal={Magyar Grafika 2016/2},
	year={2016}
}


